@inproceedings{Kroemer2011,
    author = {Oliver B. Kroemer and Jan Peters},
    title = {A Non-Parametric Approach to Dynamic Programming},
    booktitle = {Advances in Neural Information Processing Systems (NeurIPS)},
    year = {2011},
    pages = {1719--1727},
    url = {https://papers.nips.cc/paper/4182-a-non-parametric-approach-to-dynamic-programming}
}
