@article{bradtke1996least,
  author = {Bradtke, Steven and Barto, Andrew},
  year = {1996},
  month = {03},
  pages = {33-57},
  title = {Linear Least-Squares Algorithms for Temporal Difference Learning},
  volume = {22},
  journal = {Machine Learning},
  doi = {10.1007/BF00114723}
}